
@inproceedings{ yagi:eoginterface,
  author = "Tohru Yagi",
  title = "Eye-gaze interfaces using electro-oculography (EOG)",
  booktitle = "Proceedings of the 2010 workshop on Eye gaze in intelligent human machine interaction",
  pages = "28--32",
  publisher = "ACM",
  address = "Hong Kong, China",
  month = "February",
  year = "2010"
}

@article{ Barea:eogmobility,
  author = "Rafael Barea and Luciano Boquete and Manuel Mazo and Elena Lopez",
  title = "System for Assisted Mobility Using Eye Movements Based on Electrooculography",
  journal = "Neural Systems and Rehabilitation Engineering.",
  volume = "10",
  number = "4",
  pages = "209-218",
  month = "December",
  year = "2002"
}

@article{ Bulling:eyeanalysis,
  author = "Andreas Bulling and Jamie A.Ward and Hans Gellersen and Gerhard Tr√∂ster",
  title = "Eye Movement Analysis for Activity Recognition Using Electrooculography",
  journal = "Pattern Analysis and Machine Intelligence.",
  volume = "33",
  number = "4",
  pages = "741--753",
  month = "April",
  year = "2010"
}

@book{manhdist,
	author = "Robert Sedgewick and Kevin Wayne",
	title = "Algorithms 4th edition",
	publisher = "Addison-Wesley",
	year = "2011"
}

@misc{kulEGO,
	author = "Innovation-Lab KULeuven",
	title = "Innovation Lab",
	howpublished = "\url{https://www.kuleuven.be/samenwerking/avlnascholingen/pptal27F}",
	urldate = "27/05/2015",
	year = "2014"
}